% Encoding: UTF-8

@Article{erdos_evolution_1960,
  author       = {Erdős, Paul and Rényi, Alfréd},
  journal      = {Institute of Mathematics. Hungarian Academy of Sciences},
  title        = {On The Evolution Of Random Graphs},
  year         = {1960},
  number       = {1},
  pages        = {17--60},
  volume       = {5},
  date         = {1960},
  journaltitle = {Institute of Mathematics. Hungarian Academy of Sciences},
  shortjournal = {Publ. Math. Inst. Hung. Acad. Sci},
}

@article{pedregosa_scikit-learn_2011,
	title = {Scikit-learn: Machine Learning in Python},
	volume = {12},
	url = {https://www.jmlr.org/papers/volume12/pedregosa11a/pedregosa11a.pdf},
	pages = {2825--2830},
	journaltitle = {Journal of Machine Learning Research},
	author = {Pedregosa, F and Varoquaux, G and Gramfort, A and Michel, V and Thirion, B and Grisel, O and Blondel, M and Prettenhofer, P and Weiss, R and Dubourg, V and Vanderplas, J and Passos, A and Cournapeau, D and Brucher, M and Perrot, M and Duchesnay, E},
	date = {2011}
}

@Article{van_der_maaten_visualizing_2008,
  author       = {van der Maaten, Laurens and Hinton, Geoffrey},
  journal      = {Journal of Machine Learning Research},
  title        = {Visualizing data using t-{SNE}},
  year         = {2008},
  pages        = {2579--2605},
  volume       = {9},
  date         = {2008},
  issue        = {Nov},
  journaltitle = {Journal of Machine Learning Research},
  url          = {https://www.jmlr.org/papers/volume9/vandermaaten08a/vandermaaten08a.pdf},
}

@InProceedings{rehurek_software_2010,
  author    = {Rehurek, Radim and Sojka, Petr},
  booktitle = {Proceedings of the {LREC} 2010 Workshop on New Challenges for {NLP} Frameworks},
  title     = {Software Framework for Topic Modelling with Large Corpora},
  year      = {2010},
  pages     = {45--50},
  date      = {2010-05},
  location  = {Valletta, Malta},
}

@Book{barabasi_network_2016,
  author    = {Barabási, Albert-László},
  publisher = {Cambridge Uiversity Pess},
  title     = {Network Science},
  year      = {2016},
}

@Article{beigel_introduction_2014,
  author       = {Beigel, Fernanda},
  journal      = {Current Sociology},
  title        = {Introduction: Current tensions and trends in the World Scientific System},
  year         = {2014},
  issn         = {0011-3921, 1461-7064},
  number       = {5},
  pages        = {617--625},
  volume       = {62},
  date         = {2014-09},
  doi          = {10.1177/0011392114548640},
  journaltitle = {Current Sociology},
  langid       = {english},
  shortjournal = {Current Sociology},
  shorttitle   = {Introduction},
  url          = {http://journals.sagepub.com/doi/10.1177/0011392114548640},
  urldate      = {2020-10-05},
}

@Article{bellman_dynamic_1966,
  author       = {Bellman, R.},
  journal      = {Science},
  title        = {Dynamic Programming},
  year         = {1966},
  issn         = {0036-8075, 1095-9203},
  number       = {3731},
  pages        = {34--37},
  volume       = {153},
  date         = {1966-07-01},
  doi          = {10.1126/science.153.3731.34},
  journaltitle = {Science},
  langid       = {english},
  shortjournal = {Science},
  url          = {https://www.sciencemag.org/lookup/doi/10.1126/science.153.3731.34},
  urldate      = {2020-10-05},
}

@Article{blei_correlated_2007,
  author       = {Blei, David M. and Lafferty, John D.},
  journal      = {The Annals of Applied Statistics},
  title        = {A Correlated Topic Model of Science},
  year         = {2007},
  issn         = {1932-6157},
  number       = {1},
  pages        = {17--35},
  volume       = {1},
  date         = {2007-06},
  doi          = {10.1214/07-AOAS114},
  journaltitle = {The Annals of Applied Statistics},
  langid       = {english},
  shortjournal = {Ann. Appl. Stat.},
  url          = {http://projecteuclid.org/euclid.aoas/1183143727},
  urldate      = {2020-10-05},
}

@Article{blei_latent_2003,
  author       = {Blei, David M and Ng, Andrew Y and Jordan, Michael I},
  journal      = {Journal of machine Learning research},
  title        = {Latent Dirichlet Allocation},
  year         = {2003},
  pages        = {993--1022},
  volume       = {3},
  date         = {2003},
  issue        = {Jan},
  journaltitle = {Journal of machine Learning research},
}

@Article{bojanowski_enriching_2017,
  author       = {Bojanowski, Piotr and Grave, Edouard and Joulin, Armand and Mikolov, Tomas},
  journal      = {Transactions of the Association for Computational Linguistics},
  title        = {Enriching Word Vectors With Subword Information},
  year         = {2007},
  pages        = {135--146},
  volume       = {5},
  journaltitle = {Transactions of the Association for Computational Linguistics},
}

@Article{bonitz_characteristics_1997,
  author       = {Bonitz, M. and Bruckner, E. and Scharnhorst, Andrea},
  journal      = {Scientometrics},
  title        = {Characteristics And Impact Of The Matthew Effect For Countries},
  year         = {1997},
  issn         = {0138-9130, 1588-2861},
  number       = {3},
  pages        = {407--422},
  volume       = {40},
  date         = {1997-11},
  doi          = {10.1007/BF02459289},
  journaltitle = {Scientometrics},
  langid       = {english},
  shortjournal = {Scientometrics},
  url          = {http://link.springer.com/10.1007/BF02459289},
  urldate      = {2020-10-05},
}

@Article{boyack_co-citation_2010,
  author  = {Boyack, Kevin W. and Klavans, Richard},
  journal = {Journal of the American Society for Information Science and Technology},
  title   = {Co-citation Analysis, Bibliographic Coupling, And Direct Citation: Which Citation Approach Represents The Research Front Most Accurately?},
  year    = {2010},
  issn    = {15322882},
  number  = {12},
  pages   = {2389--2404},
  volume  = {61},
  doi     = {10.1002/asi.21419},
}

@InProceedings{bruna_spectral_2014,
  author    = {Bruna, Joan and Zaremba, Wojciech and Szlam, Arthur and Lecun, Yann},
  booktitle = {Proceedings of the 2nd International Conference on Learning Representations, {ICLR}},
  title     = {Spectral Networks And Locally Connected Networks On Graphs},
  year      = {2014},
}

@InProceedings{clevert_fast_2016,
  author    = {Clevert, Djork-Arné and Unterthiner, Thomas and Hochreiter, Sepp},
  booktitle = {Proceedings of the 4th International Conference on Learning Representations, {ICLR}},
  title     = {Fast and Accurate Deep Network Learning by Exponential Linear Units ({ELUs})},
  year      = {2016},
  date      = {2016},
  url       = {http://arxiv.org/abs/1511.07289},
}

@Article{daenekindt_mapping_2020,
  author       = {Daenekindt, Stijn and Huisman, Jeroen},
  journal      = {Higher Education},
  title        = {Mapping The Scattered Field Of Research On Higher Education. A Correlated Topic Model Of 17,000 Articles, 1991–2018},
  year         = {2020},
  issn         = {0018-1560, 1573-174X},
  number       = {3},
  pages        = {571--587},
  volume       = {80},
  date         = {2020-09},
  doi          = {10.1007/s10734-020-00500-x},
  journaltitle = {Higher Education},
  langid       = {english},
  shortjournal = {High Educ},
  url          = {http://link.springer.com/10.1007/s10734-020-00500-x},
  urldate      = {2020-10-05},
}

@Article{davis_small_2003,
  author       = {Davis, Gerald F. and Yoo, Mina and Baker, Wayne E.},
  journal      = {Strategic Organization},
  title        = {The Small World of the American Corporate Elite, 1982-2001},
  year         = {2003},
  issn         = {1476-1270, 1741-315X},
  number       = {3},
  pages        = {301--326},
  volume       = {1},
  date         = {2003-08},
  doi          = {10.1177/14761270030013002},
  journaltitle = {Strategic Organization},
  langid       = {english},
  shortjournal = {Strategic Organization},
  url          = {http://journals.sagepub.com/doi/10.1177/14761270030013002},
  urldate      = {2020-10-05},
}

@InProceedings{defferrard_convolutional_2016,
  author    = {Defferrard, Michaël and Bresson, Xavier and Vandergheynst, Pierre},
  booktitle = {Proceedings of the 29th Annual Conference on Neural Information Processing Systems},
  title     = {Convolutional Neural Networks On Graphs With Fast Localized Spectral Filtering},
  year      = {2016},
  pages     = {3844--3852},
  date      = {2016},
}

@Article{demeter_world-systemic_2020,
  author       = {Demeter, Marton and Toth, Tamas},
  journal      = {Scientometrics},
  title        = {The World-systemic Network Of Global Elite Sociology: The Western Male Monoculture At Faculties Of The Top One-hundred Sociology Departments Of The World},
  year         = {2020},
  issn         = {0138-9130, 1588-2861},
  number       = {3},
  pages        = {2469--2495},
  volume       = {124},
  date         = {2020-09},
  doi          = {10.1007/s11192-020-03563-w},
  journaltitle = {Scientometrics},
  langid       = {english},
  shortjournal = {Scientometrics},
  shorttitle   = {The world-systemic network of global elite sociology},
  url          = {http://link.springer.com/10.1007/s11192-020-03563-w},
  urldate      = {2020-10-05},
}

@InProceedings{devlin_bert_2019,
  author    = {Devlin, Jacob and Chang, Ming-Wei and Lee, Kenton and Toutanova, Kristina},
  booktitle = {Proceedings of the Conference of the North American Chapter of the Association of Computational Linguistics},
  title     = {{BERT}: Pre-training of Deep Bidirectional Transformers for Language Understanding},
  year      = {2019},
  pages     = {4171--4186},
  doi       = {10.18653/v1/N19-1423},
  location  = {Minneapolis, Minnesota},
}

@InProceedings{fey_fast_2019,
  author    = {Fey, Matthias and Lenssen, Jan E.},
  booktitle = {Proceedings of the 7th International Conference on Learning Representations, {ICLR}},
  title     = {Fast Graph Representation Learning with {PyTorch} Geometric},
  year      = {2019},
  date      = {2019},
}

@InProceedings{gao_graph_2019,
  author    = {Gao, Hongyang and Ji, Shuiwang},
  booktitle = {Proceedings of Machine Learning Research},
  title     = {Graph U-Nets},
  year      = {2019},
  pages     = {2083--2092},
  publisher = {{PMLR}},
  volume    = {97},
  date      = {2019},
  location  = {Long Beach, California, {USA}},
  url       = {http://proceedings.mlr.press/v97/gao19a.html},
}

@Article{gao_computational_2019,
  author       = {Gao, Jian and Zhang, Yi-Cheng and Zhou, Tao},
  journal      = {Physics Reports},
  title        = {Computational Socioeconomics},
  year         = {2019},
  issn         = {03701573},
  pages        = {1--104},
  volume       = {817},
  date         = {2019-07},
  doi          = {10.1016/j.physrep.2019.05.002},
  journaltitle = {Physics Reports},
  langid       = {english},
  shortjournal = {Physics Reports},
  url          = {https://linkinghub.elsevier.com/retrieve/pii/S0370157319301954},
  urldate      = {2020-10-05},
}

@InProceedings{grover_node2vec_2016,
  author     = {Grover, Aditya and Leskovec, Jure},
  booktitle  = {Proceedings of the 22nd {ACM} {SIGKDD} International Conference on Knowledge Discovery and Data Mining},
  title      = {node2vec: Scalable Feature Learning for Networks},
  year       = {2016},
  pages      = {855--864},
  publisher  = {{ACM}},
  date       = {2016},
  doi        = {10.1145/2939672.2939754},
  isbn       = {978-1-4503-4232-2},
  langid     = {english},
  location   = {San Francisco California {USA}},
  shorttitle = {node2vec},
  url        = {https://dl.acm.org/doi/10.1145/2939672.2939754},
  urldate    = {2020-10-05},
}

@InProceedings{hamilton_inductive_2017,
  author    = {Hamilton, William L. and Ying, Rex and Leskovec, Jure},
  booktitle = {Proceedings of the 30th Neural Information Processing Systems Conference},
  title     = {Inductive Representation Learning on Large Graphs},
  year      = {2017},
  pages     = {1024--1034},
  date      = {2017},
  url       = {http://papers.nips.cc/paper/6703-inductive-representation-learning-on-large-graphs},
}

@Article{iyer_managing_2006,
  author       = {Iyer, Bala and Lee, Chi-Hyon and Venkatraman, N.},
  journal      = {California Management Review},
  title        = {Managing in a “Small World Ecosystem”: Lessons from the Software Sector},
  year         = {2006},
  issn         = {0008-1256, 2162-8564},
  number       = {3},
  pages        = {28--47},
  volume       = {48},
  date         = {2006-04},
  doi          = {10.2307/41166348},
  journaltitle = {California Management Review},
  langid       = {english},
  shortjournal = {California Management Review},
  shorttitle   = {Managing in a “Small World Ecosystem”},
  url          = {http://journals.sagepub.com/doi/10.2307/41166348},
  urldate      = {2020-10-05},
}

@Article{jeong_context-aware_2020,
  author       = {Jeong, Chanwoo and Jang, Sion and Park, Eunjeong and Choi, Sungchul},
  journal      = {Scientometrics},
  title        = {A Context-aware Citation Recommendation Model With {BERT} And Graph Convolutional Networks},
  year         = {2020},
  issn         = {0138-9130, 1588-2861},
  number       = {3},
  pages        = {1907--1922},
  volume       = {124},
  date         = {2020-09},
  doi          = {10.1007/s11192-020-03561-y},
  journaltitle = {Scientometrics},
  langid       = {english},
  shortjournal = {Scientometrics},
  url          = {http://link.springer.com/10.1007/s11192-020-03561-y},
  urldate      = {2020-10-05},
}

@Book{jurafsky_speech_2008,
  author     = {Jurafsky, Daniel and Martin, James H.},
  publisher  = {Prentice Hall},
  title      = {Speech and language processing: an introduction to natural language processing, computational linguistics, and speech recognition},
  year       = {2008},
  edition    = {2. ed},
  isbn       = {978-0-13-187321-6},
  series     = {Prentice Hall series in artificial intelligence},
  date       = {2008},
  location   = {Upper Saddle River, {NJ}},
  pagetotal  = {988},
  shorttitle = {Speech and language processing},
}

@Article{kang_against_2020,
  author       = {Kang, Donghyun and Evans, James},
  journal      = {Quantitative Science Studies},
  title        = {Against Method: Exploding The Boundary Between Qualitative And Quantitative Studies Of Science},
  year         = {2020},
  issn         = {2641-3337},
  number       = {3},
  pages        = {930--944},
  volume       = {1},
  date         = {2020-09},
  doi          = {10.1162/qss_a_00056},
  journaltitle = {Quantitative Science Studies},
  langid       = {english},
  shortjournal = {Quantitative Science Studies},
  shorttitle   = {Against method},
  url          = {https://www.mitpressjournals.org/doi/abs/10.1162/qss_a_00056},
  urldate      = {2020-10-05},
}

@Article{kelley_gradient_1960,
  author       = {Kelley, Henry J.},
  journal      = {Aerospace Research Central},
  title        = {Gradient Theory of Optimal Flight Paths},
  year         = {1960},
  issn         = {1936-9972},
  number       = {10},
  pages        = {947--954},
  volume       = {30},
  date         = {1960-10},
  doi          = {10.2514/8.5282},
  journaltitle = {Aerospace Research Central},
  langid       = {english},
  shortjournal = {{ARS} Journal},
  url          = {https://arc.aiaa.org/doi/10.2514/8.5282},
  urldate      = {2020-10-05},
}

@Article{kessler_bibliographic_1963,
  author       = {Kessler, M. M.},
  journal      = {American Documentation},
  title        = {Bibliographic Coupling Between Scientific Papers},
  year         = {1963},
  issn         = {0096946X, 19366108},
  number       = {1},
  pages        = {10--25},
  volume       = {14},
  date         = {1963-01},
  doi          = {10.1002/asi.5090140103},
  journaltitle = {American Documentation},
  langid       = {english},
  shortjournal = {Amer. Doc.},
  url          = {http://doi.wiley.com/10.1002/asi.5090140103},
  urldate      = {2020-10-05},
}

@Article{king_power_2011,
  author       = {King, Roger},
  journal      = {Higher Education Policy},
  title        = {Power and Networks in Worldwide Knowledge Coordination: The Case of Global Science},
  year         = {2011},
  issn         = {0952-8733, 1740-3863},
  number       = {3},
  pages        = {359--376},
  volume       = {24},
  date         = {2011-09},
  doi          = {10.1057/hep.2011.9},
  journaltitle = {Higher Education Policy},
  langid       = {english},
  shortjournal = {High Educ Policy},
  shorttitle   = {Power and Networks in Worldwide Knowledge Coordination},
  url          = {http://link.springer.com/10.1057/hep.2011.9},
  urldate      = {2020-10-05},
}

@Article{kipf_variational_2016,
  author       = {Kipf, Thomas N and Welling, Max},
  journal      = {Proceedings of the NIPS Workshop on Bayesian Deep Learning},
  title        = {Variational Graph Auto-Encoders},
  year         = {2016},
  date         = {2016},
  journaltitle = {{NIPS} Workshop on Bayesian Deep Learning},
}

@InProceedings{kipf_semi-supervised_2017,
  author    = {Kipf, Thomas N. and Welling, Max},
  booktitle = {Proceedings of the 5th International Conference on Learning Representations ({ICLR})},
  title     = {Semi-Supervised Classification with Graph Convolutional Networks},
  year      = {2017},
  date      = {2017},
}

@Article{kozlowski_geometry_2019,
  author       = {Kozlowski, Austin C. and Taddy, Matt and Evans, James A.},
  journal      = {American Sociological Review},
  title        = {The Geometry of Culture: Analyzing the Meanings of Class through Word Embeddings},
  year         = {2019},
  issn         = {0003-1224, 1939-8271},
  number       = {5},
  pages        = {905--949},
  volume       = {84},
  date         = {2019-10},
  doi          = {10.1177/0003122419877135},
  journaltitle = {American Sociological Review},
  langid       = {english},
  shortjournal = {Am Sociol Rev},
  shorttitle   = {The Geometry of Culture},
  url          = {http://journals.sagepub.com/doi/10.1177/0003122419877135},
  urldate      = {2020-10-05},
}

@Article{leydesdorff_bridging_2020,
  author       = {Leydesdorff, Loet and Ràfols, Ismael and Milojević, Staša},
  journal      = {Quantitative Science Studies},
  title        = {Bridging The Divide Between Qualitative And Quantitative Science Studies},
  year         = {2020},
  issn         = {2641-3337},
  number       = {3},
  pages        = {918--926},
  volume       = {1},
  date         = {2020-09},
  doi          = {10.1162/qss_e_00061},
  journaltitle = {Quantitative Science Studies},
  langid       = {english},
  shortjournal = {Quantitative Science Studies},
  url          = {https://www.mitpressjournals.org/doi/abs/10.1162/qss_e_00061},
  urldate      = {2020-10-05},
}

@Book{merton_sociology_1974,
  author     = {Merton, Robert K.},
  publisher  = {University of Chicago Press},
  title      = {The Sociology Of Science: Theoretical And Empirical Investigations},
  year       = {1974},
  edition    = {4. Dr.},
  isbn       = {978-0-226-52092-6},
  date       = {1974},
  location   = {Chicago},
  pagetotal  = {605},
  shorttitle = {The sociology of science},
}

@InProceedings{mikolov_distributed_2013,
  author    = {Mikolov, Tomas and Sutskever, Ilya and Chen, Kai and Corrado, Gregory S. and Dean, Jeffrey},
  booktitle = {Proceedings of the 26th Neural Information Processing Systems Conference},
  title     = {Distributed Representations of Words and Phrases and their Compositionality},
  year      = {2013},
  pages     = {3111--3119},
  date      = {2013},
  url       = {http://papers.nips.cc/paper/5021-distributed-representations-of-words-and-phrases-and-their-compositionality},
}

@InProceedings{mikolov_linguistic_2013,
  author    = {Mikolov, Tomas and Yih, Wen-tau and Zweig, Geoffrey},
  booktitle = {Proceedings of the 2013 Conference of the North {A}merican Chapter of the Association for Computational Linguistics: Human Language Technologies},
  title     = {Linguistic Regularities in Continuous Space Word Representations},
  year      = {2013},
  pages     = {746--751},
}

@Article{milojevic_quantifying_2015,
  author       = {Milojević, Staša},
  journal      = {Journal of Informetrics},
  title        = {Quantifying The Cognitive Extent Of Science},
  year         = {2015},
  issn         = {17511577},
  number       = {4},
  pages        = {962--973},
  volume       = {9},
  date         = {2015-10},
  doi          = {10.1016/j.joi.2015.10.005},
  journaltitle = {Journal of Informetrics},
  langid       = {english},
  shortjournal = {Journal of Informetrics},
  url          = {https://linkinghub.elsevier.com/retrieve/pii/S175115771530081X},
  urldate      = {2020-10-05},
}

@inproceedings{pennington_glove_2014,
	location = {Doha, Qatar},
	title = {Glove: Global Vectors for Word Representation},
	url = {http://aclweb.org/anthology/D14-1162},
	doi = {10.3115/v1/D14-1162},
	shorttitle = {Glove},
	pages = {1532--1543},
	booktitle = {Proceedings of the 2014 Conference on Empirical Methods in Natural Language Processing ({EMNLP})},
	publisher = {Association for Computational Linguistics},
	author = {Pennington, Jeffrey and Socher, Richard and Manning, Christopher},
	urldate = {2020-10-05},
	date = {2014},
	langid = {english}
}

@InProceedings{perozzi_deepwalk_2014,
  author    = {Perozzi, Bryan and Al-Rfou, Rami and Skiena, Steven},
  booktitle = {Proceedings of the 20th Iternational Conference on Knowledge Discovery and Data Mining - {KDD}},
  title     = {{DeepWalk}: Online Learning Of Social Representations},
  year      = {2014},
  pages     = {701--710},
  date      = {2014},
  doi       = {10.1145/2623330.2623732},
  isbn      = {978-1-4503-2956-9},
  langid    = {english},
  location  = {New York, New York, {USA}},
  urldate   = {2020-10-05},
}

@Article{persson_inflationary_2004,
  author       = {Persson, Olle and Glänzel, Wolfgang and Danell, Rickard},
  journal      = {Scientometrics},
  title        = {Inflationary Bibliometric Values: The Role Of Scientific Collaboration And The Need For Relative Indicators In Evaluative Studies},
  year         = {2004},
  issn         = {0138-9130},
  number       = {3},
  pages        = {421--432},
  volume       = {60},
  date         = {2004},
  doi          = {10.1023/B:SCIE.0000034384.35498.7d},
  journaltitle = {Scientometrics},
  langid       = {english},
  shortjournal = {Scientometrics},
  shorttitle   = {Inflationary bibliometric values},
  url          = {http://link.springer.com/10.1023/B:SCIE.0000034384.35498.7d},
  urldate      = {2020-10-05},
}

@Article{rossiter_matthew_1993,
  author       = {Rossiter, Margaret W.},
  journal      = {Social Studies of Science},
  title        = {The Matthew Matilda Effect in Science},
  year         = {1993},
  issn         = {0306-3127, 1460-3659},
  number       = {2},
  pages        = {325--341},
  volume       = {23},
  date         = {1993-05},
  doi          = {10.1177/030631293023002004},
  journaltitle = {Social Studies of Science},
  langid       = {english},
  shortjournal = {Soc Stud Sci},
  url          = {http://journals.sagepub.com/doi/10.1177/030631293023002004},
  urldate      = {2020-10-05},
}

@Article{scarselli_graph_2009,
  author  = {Scarselli, F. and Gori, M. and {Ah Chung Tsoi} and Hagenbuchner, M. and Monfardini, G.},
  journal = {{IEEE} Transactions on Neural Networks},
  title   = {The Graph Neural Network Model},
  year    = {2009},
  issn    = {1045-9227, 1941-0093},
  number  = {1},
  pages   = {61--80},
  volume  = {20},
  doi     = {10.1109/TNN.2008.2005605},
  url     = {http://ieeexplore.ieee.org/document/4700287/},
}

@Article{schulz_exploiting_2014,
  author       = {Schulz, Christian and Mazloumian, Amin and Petersen, Alexander M and Penner, Orion and Helbing, Dirk},
  journal      = {EPJ Data Science},
  title        = {Exploiting Citation Networks For Large-scale Author Name Disambiguation},
  year         = {2014},
  issn         = {2193-1127},
  number       = {1},
  pages        = {11},
  volume       = {3},
  date         = {2014-12},
  doi          = {10.1140/epjds/s13688-014-0011-3},
  journaltitle = {{EPJ} Data Science},
  langid       = {english},
  shortjournal = {{EPJ} Data Sci.},
  url          = {http://www.epjdatascience.com/content/3/1/11},
  urldate      = {2020-10-05},
}

@Article{schwemmer_methodological_2020,
  author       = {Schwemmer, Carsten and Wieczorek, Oliver},
  journal      = {Sociology},
  title        = {The Methodological Divide of Sociology: Evidence from Two Decades of Journal Publications},
  year         = {2020},
  issn         = {0038-0385, 1469-8684},
  number       = {1},
  pages        = {3--21},
  volume       = {54},
  date         = {2020-02},
  doi          = {10.1177/0038038519853146},
  journaltitle = {Sociology},
  langid       = {english},
  shortjournal = {Sociology},
  shorttitle   = {The Methodological Divide of Sociology},
  url          = {http://journals.sagepub.com/doi/10.1177/0038038519853146},
  urldate      = {2020-10-05},
}

@InProceedings{sievert_ldavis_2014,
  author     = {Sievert, Carson and Shirley, Kenneth},
  booktitle  = {Proceedings of the Workshop on Interactive Language Learning, Visualization, and Interfaces},
  title      = {{LDAvis}: A Method For Visualizing And Interpreting Topics},
  year       = {2014},
  pages      = {63--70},
  date       = {2014},
  doi        = {10.3115/v1/W14-3110},
  langid     = {english},
  location   = {Baltimore, Maryland, {USA}},
  shorttitle = {{LDAvis}},
  url        = {http://aclweb.org/anthology/W14-3110},
  urldate    = {2020-10-05},
}

@Article{slapin_scaling_2008,
  author       = {Slapin, Jonathan B. and Proksch, Sven-Oliver},
  journal      = {American Journal of Political Science},
  title        = {A Scaling Model for Estimating Time-Series Party Positions from Texts},
  year         = {2008},
  issn         = {00925853, 15405907},
  number       = {3},
  pages        = {705--722},
  volume       = {52},
  date         = {2008-07},
  doi          = {10.1111/j.1540-5907.2008.00338.x},
  journaltitle = {American Journal of Political Science},
  langid       = {english},
  url          = {http://doi.wiley.com/10.1111/j.1540-5907.2008.00338.x},
  urldate      = {2020-10-05},
}

@Article{small_co-citation_1973,
  author       = {Small, Henry},
  journal      = {Journal of the American Society for Information Science},
  title        = {Co-citation In The Scientific Literature: A New Measure Of The Relationship Between Two Documents},
  year         = {1973},
  issn         = {00028231, 10974571},
  number       = {4},
  pages        = {265--269},
  volume       = {24},
  date         = {1973-07},
  doi          = {10.1002/asi.4630240406},
  journaltitle = {Journal of the American Society for Information Science},
  langid       = {english},
  shortjournal = {J. Am. Soc. Inf. Sci.},
  shorttitle   = {Co-citation in the scientific literature},
  url          = {http://doi.wiley.com/10.1002/asi.4630240406},
  urldate      = {2020-10-05},
}

@Article{van_raan_influence_1998,
  author       = {Van Raan, A. F. J.},
  journal      = {Scientometrics},
  title        = {The Influence Of International Collaboration On The Impact Of Research Results: Some Simple Mathematical Considerations Concerning The Role Of Self-citations},
  year         = {1998},
  issn         = {0138-9130, 1588-2861},
  number       = {3},
  pages        = {423--428},
  volume       = {42},
  date         = {1998-10},
  doi          = {10.1007/BF02458380},
  journaltitle = {Scientometrics},
  langid       = {english},
  shortjournal = {Scientometrics},
  shorttitle   = {The influence of international collaboration on the impact of research results},
  url          = {http://link.springer.com/10.1007/BF02458380},
  urldate      = {2020-10-05},
}

@InProceedings{vaswani_attention_2017,
  author    = {Vaswani, Ashish and Shazeer, Noam and Parmar, Niki and Uszkoreit, Jakob and Jones, Llion and Gomez, Aidan N. and Kaiser, Lukasz and Polosukhin, Illia},
  booktitle = {Proceedings of Neural Information Processing Systems Conference, 30},
  title     = {Attention is All you Need},
  year      = {2017},
  pages     = {5998--6008},
  date      = {2017},
  url       = {http://papers.nips.cc/paper/7181-attention-is-all-you-need},
}

@Article{velickovic_graph_2018,
  author  = {Veličković, Petar and Cucurull, Guillem and Casanova, Arantxa and Romero, Adriana and Liò, Pietro and Bengio, Yoshua},
  journal = {Proceedings of the International Conference on Learning Representations},
  title   = {Graph Attention Networks},
  year    = {2018},
  date    = {2018},
  url     = {https://openreview.net/forum?id=rJXMpikCZ},
}

@Article{weber_editors_2004,
  author       = {Weber},
  journal      = {Management Information Systems Quarterly},
  title        = {Editor's Comments: The Rhetoric of Positivism versus Interpretivism: A Personal View},
  year         = {2004},
  issn         = {02767783},
  number       = {1},
  pages        = {iii},
  volume       = {28},
  date         = {2004},
  doi          = {10.2307/25148621},
  journaltitle = {{MIS} Quarterly},
  shortjournal = {{MIS} Quarterly},
  shorttitle   = {Editor's Comments},
  url          = {https://www.jstor.org/stable/10.2307/25148621},
  urldate      = {2020-10-05},
}

@Article{wu_comprehensive_2020,
  author       = {Wu, Zonghan and Pan, Shirui and Chen, Fengwen and Long, Guodong and Zhang, Chengqi and Yu, Philip S.},
  journal      = {IEEE Transactions on Neural Networks and Learning Systems},
  title        = {A Comprehensive Survey on Graph Neural Networks},
  year         = {2020},
  issn         = {2162-237X, 2162-2388},
  pages        = {1--21},
  date         = {2020},
  doi          = {10.1109/TNNLS.2020.2978386},
  file         = {Submitted Version:/Users/diego.kozlowski/Zotero/storage/P7YI2QHG/Wu et al. - 2020 - A Comprehensive Survey on Graph Neural Networks.pdf:application/pdf},
  journaltitle = {{IEEE} Transactions on Neural Networks and Learning Systems},
  shortjournal = {{IEEE} Trans. Neural Netw. Learning Syst.},
  url          = {https://ieeexplore.ieee.org/document/9046288/},
  urldate      = {2020-10-05},
}

@InProceedings{xu_how_2019,
  author    = {Xu, Keyulu and Hu, Weihua and Leskovec, Jure and Jegelka, Stefanie},
  booktitle = {Proceedings of the International Conference on Learning Representations},
  title     = {How Powerful are Graph Neural Networks?},
  year      = {2019},
  date      = {2019},
  url       = {https://openreview.net/forum?id=ryGs6iA5Km},
}

@InProceedings{zhang_link_2018,
  author    = {Zhang, Muhan and Chen, Yixin},
  booktitle = {Proceedings of the 32nd Conference on Neural Information Processing Systems},
  title     = {Link Prediction Based on Graph Neural Networks},
  year      = {2018},
  editor    = {Bengio, Samy and Wallach, Hanna M. and Larochelle, Hugo and Grauman, Kristen and Cesa-Bianchi, Nicolò and Garnett, Roman},
  pages     = {5171--5181},
  volume    = {31},
  date      = {2018},
  url       = {http://papers.nips.cc/paper/7763-link-prediction-based-on-graph-neural-networks},
}

@Article{zhang_p2v_2019,
  author       = {Zhang, Yi and Zhao, Fen and Lu, Jianguo},
  journal      = {Scientometrics},
  title        = {P2V: large-scale academic paper embedding},
  year         = {2019},
  issn         = {0138-9130, 1588-2861},
  number       = {1},
  pages        = {399--432},
  volume       = {121},
  date         = {2019-10},
  doi          = {10.1007/s11192-019-03206-9},
  journaltitle = {Scientometrics},
  langid       = {english},
  shortjournal = {Scientometrics},
  shorttitle   = {P2V},
  url          = {http://link.springer.com/10.1007/s11192-019-03206-9},
  urldate      = {2020-10-05},
}

@Article{hamilton_representation_2017,
  author       = {Hamilton, William L. and Ying, Rex and Leskovec, Jure},
  journal      = {IEEE Data Engineering Bulletin},
  title        = {Representation Learning on Graphs: Methods and Applications},
  year         = {2017},
  number       = {3},
  pages        = {52--74},
  volume       = {40},
  date         = {2017},
  journaltitle = {IEEE Data Engineering Bulletin},
  url          = {http://sites.computer.org/debull/A17sept/p52.pdf},
}

@Article{mikolov_efficient_2013,
  author      = {Tomas Mikolov and Kai Chen and Greg Corrado and Jeffrey Dean},
  journal     = {arXiv:1301.3781},
  title       = {Efficient Estimation of Word Representations in Vector Space},
  year        = {2013},
  date        = {2013-01-16},
  eprint      = {1301.3781},
  eprintclass = {cs.CL},
  keywords    = {cs.CL},
}

@Article{thekumparampil_attention-based_2018,
  author      = {Kiran K. Thekumparampil and Chong Wang and Sewoong Oh and Li-Jia Li},
  journal     = {arXiv:1803.03735},
  title       = {Attention-based Graph Neural Network for Semi-supervised Learning},
  year        = {2018},
  date        = {2018-03-10},
  eprint      = {1803.03735},
  eprintclass = {stat.ML},
  file        = {:http\://arxiv.org/pdf/1803.03735v1:PDF},
  keywords    = {stat.ML, cs.AI, cs.LG},
}

@Article{wolf_huggingfaces_2020,
  author      = {Thomas Wolf and Lysandre Debut and Victor Sanh and Julien Chaumond and Clement Delangue and Anthony Moi and Pierric Cistac and Tim Rault and Rémi Louf and Morgan Funtowicz and Joe Davison and Sam Shleifer and Patrick von Platen and Clara Ma and Yacine Jernite and Julien Plu and Canwen Xu and Teven Le Scao and Sylvain Gugger and Mariama Drame and Quentin Lhoest and Alexander M. Rush},
  journal     = {arXiv:1910.03771},
  title       = {HuggingFace's Transformers: State-of-the-art Natural Language Processing},
  year        = {2019},
  date        = {2019-10-09},
  eprintclass = {cs.CL},
  file        = {:http\://arxiv.org/pdf/1910.03771v5:PDF},
  keywords    = {cs.CL},
}

@Article{zhou_graph_2018,
  author      = {Jie Zhou and Ganqu Cui and Zhengyan Zhang and Cheng Yang and Zhiyuan Liu and Lifeng Wang and Changcheng Li and Maosong Sun},
  journal     = {arXiv:1812.08434},
  title       = {Graph Neural Networks: A Review of Methods and Applications},
  year        = {2018},
  date        = {2018-12-20},
  eprintclass = {cs.LG},
  file        = {:http\://arxiv.org/pdf/1812.08434v4:PDF},
  keywords    = {cs.LG, cs.AI, stat.ML},
}

@Article{bacciu_gentle_2020,
  author       = {Bacciu, Davide and Errica, Federico and Micheli, Alessio and Podda, Marco},
  journal      = {Neural Networks},
  title        = {A Gentle Introduction to Deep Learning for Graphs},
  year         = {2020},
  issn         = {08936080},
  pages        = {203--221},
  volume       = {129},
  date         = {2020-09},
  doi          = {10.1016/j.neunet.2020.06.006},
  journaltitle = {Neural Networks},
  langid       = {english},
  shortjournal = {Neural Networks},
  url          = {https://linkinghub.elsevier.com/retrieve/pii/S0893608020302197},
  urldate      = {2020-10-05},
}

@Article{Broman_2018,
  author  = {Karl W. Broman and Kara H. Woo},
  journal = {The American Statistician},
  title   = {Data Organization in Spreadsheets},
  year    = {2018},
  number  = {1},
  pages   = {2--10},
  volume  = {72},
  doi     = {10.1080/00031305.2017.1375989},
}

@InProceedings{buolamwini_2018,
  author    = {Joy Buolamwini and Timnit Gebru},
  booktitle = {Proceedings of Machine Learning Research},
  title     = {Gender Shades: Intersectional Accuracy Disparities in Commercial Gender Classification},
  year      = {2018},
  address   = {New York, NY, USA},
  month     = feb,
  pages     = {77--91},
  publisher = {PMLR},
  volume    = {81},
  url       = {http://proceedings.mlr.press/v81/buolamwini18a.html},
}

@InProceedings{Bolukbasi_2016,
  author    = {Bolukbasi, Tolga and Chang, Kai-Wei and Zou, James Y and Saligrama, Venkatesh and Kalai, Adam T},
  booktitle = {Proceedings of the 30th Conference on Neural Information Processing Systems},
  title     = {Man is to Computer Programmer as Woman is to Homemaker? Debiasing Word Embeddings},
  year      = {2016},
  address   = {Barcelona, Spain},
  pages     = {4349--4357},
  volume    = {30},
  url       = {http://papers.nips.cc/paper/6228-man-is-to-computer-programmer-as-woman-is-to-homemaker-debiasing-word-embeddings.pdf},
}

@Article{Agarap2018,
  author      = {Abien Fred Agarap},
  journal     = {arXiv:1803.08375},
  title       = {Deep Learning using Rectified Linear Units (ReLU)},
  year        = {2018},
  date        = {2018-03-22},
  eprint      = {1803.08375},
  eprintclass = {cs.NE},
  eprinttype  = {arXiv:1803.08375},
  keywords    = {cs.NE, cs.CV, cs.LG, stat.ML},
}

@Book{Goodfellow-et-al-2016,
  author    = {Ian Goodfellow and Yoshua Bengio and Aaron Courville},
  publisher = {MIT Press},
  title     = {Deep Learning},
  year      = {2016},
}

@Article{LeCun1989,
  author  = {Y. LeCun and B. Boser and J. S. Denker and D. Henderson and R. E. Howard and W. Hubbard and L. D. Jackel},
  journal = {Neural Computation},
  title   = {Backpropagation Applied to Handwritten Zip Code Recognition},
  year    = {1989},
  issn    = {0899-7667},
  pages   = {541-551},
  volume  = {1},
  doi     = {10.1162/neco.1989.1.4.541},
}

@InProceedings{sutskever2011generating,
  author    = {Sutskever, Ilya and Martens, James and Hinton, Geoffrey E},
  booktitle = {Proceedings of the 2011 International Conference on Machine Learning},
  title     = {Generating Text With Recurrent Neural Networks},
  year      = {2011},
  volume    = {28},
}

@Misc{Allingham_2020,
  author       = {James Allingham},
  howpublished = {https://github.com/JamesAllingham/LaTeX-TikZ-Diagrams},
  month        = jan,
  title        = {LaTeX-TikZ-Diagrams},
  year         = {2020},
  publisher    = {https://github.com/JamesAllingham/LaTeX-TikZ-Diagrams},
}

@Article{adams2013fourth,
  author  = {Adams, Jonathan},
  journal = {Nature},
  title   = {The fourth age of research},
  year    = {2013},
  number  = {7451},
  pages   = {557--60},
  volume  = {497},
}

@Article{Zhang2015,
  author    = {Liang Zhang and Justin J.W. Powell and David P. Baker},
  journal   = {Change: The Magazine of Higher Learning},
  title     = {Exponential Growth and the Shifting Global Center of Gravity of Science Production, 1900–2011},
  year      = {2015},
  number    = {4},
  pages     = {46-49},
  volume    = {47},
  doi       = {10.1080/00091383.2015.1053777},
  publisher = {Routledge},
  url       = {https://doi.org/10.1080/00091383.2015.1053777},
}

@Book{garfield1979citation,
  author    = {Garfield, Eugene and Merton, Robert K},
  publisher = {Wiley New York},
  title     = {Citation Indexing: Its Theory and Application in Science, Technology, and Humanities},
  year      = {1979},
  volume    = {8},
}

@Article{garfield1972citation,
  author  = {Garfield, Eugene},
  journal = {Science},
  title   = {Citation Analysis as a Tool in Journal Evaluation},
  year    = {1972},
  number  = {4060},
  pages   = {471--479},
  volume  = {178},
}

@Article{lariviere2013bibliometrics,
  author  = {Larivi{\`e}re, Vincent and Ni, Chaoqun and Gingras, Yves and Cronin, Blaise and Sugimoto, Cassidy R},
  journal = {Nature News},
  title   = {Bibliometrics: Global Gender Disparities in Science},
  year    = {2013},
  number  = {7479},
  pages   = {211},
  volume  = {504},
}

@Article{Xie809,
  author  = {Xie, Yu},
  journal = {Science},
  title   = {Undemocracy: Inequalities in Science},
  year    = {2014},
  number  = {6186},
  pages   = {809--810},
  volume  = {344},
  doi     = {10.1126/science.1252743},
}

@Article{Sooryamoorthy2009,
  author  = {Radhamany Sooryamoorthy},
  journal = {Scientometrics},
  title   = {Do Types of Collaboration Change Citation? Collaboration and Citation Patterns of South African Science Publications},
  year    = {2009},
  pages   = {177--193},
  volume  = {81},
  doi     = {10.1007/s11192-009-2126-z},
}

@Article{King2004,
  author  = {David A. King},
  journal = {Nature},
  title   = {The Scientific Impact of Nations},
  year    = {2004},
  pages   = {311--316},
  volume  = {430},
  doi     = {10.1038/430311a},
}
@book{de1963little,
  title={Little science, big science},
  author={de Solla Price, Derek John},
  volume={5},
  year={1963},
  publisher={Columbia University Press New York}
}
@Comment{jabref-meta: databaseType:bibtex;}
